@inproceedings{ LWan:2013dg,
 original = "orig/wan-icml-13.pdf",
 title = "Regularization of Neural Networks using DropConnect",
 author = "Wan, Li and Zeiler, Matthew and Zhang, Sixin and LeCun, Yann and Fergus, Rob",
 booktitle = "Proc. International Conference on Machine learning (ICML'13)",
 year = "2013"
}

@article{DCirean:2012dg,
    author    = "Dan Ciresan, Ueli Meier, Jurgen Schmidhuber",
    title     = "Multi-column Deep Neural Networks for Image Classification",
    journal   = "International Conference of Pattern Recognition",
    pages    = "3642–3649",
    year      = "2012",
    month    = "February",
}

@article{ISato:2015dg,
  author    = {Ikuro Sato and
               Hiroki Nishimura and
               Kensuke Yokoi},
  title     = {{APAC:} Augmented PAttern Classification with Neural Networks},
  journal   = {CoRR},
  volume    = {abs/1505.03229},
  year      = {2015},
  url       = {http://arxiv.org/abs/1505.03229},
  archivePrefix = {arXiv},
  eprint    = {1505.03229},
  timestamp = {Wed, 07 Jun 2017 14:41:08 +0200},
  biburl    = {http://dblp.org/rec/bib/journals/corr/SatoNY15},
  bibsource = {dblp computer science bibliography, http://dblp.org}
}

@article{JRChang:2015dg,
  author    = {Jia{-}Ren Chang and
               Yong{-}Sheng Chen},
  title     = {Batch-normalized Maxout Network in Network},
  journal   = {CoRR},
  volume    = {abs/1511.02583},
  year      = {2015},
  url       = {http://arxiv.org/abs/1511.02583},
}

@ARTICLE{CYLee:2015dg,
   author = {{Lee}, C.-Y. and {Gallagher}, P.~W. and {Tu}, Z.},
    title = "{Generalizing Pooling Functions in Convolutional Neural Networks: Mixed, Gated, and Tree}",
  journal = {ArXiv e-prints},
   eprint = {1509.08985},
     year = 2015,
    month = sep,
}

@unpublished{CFran:2017dg,
	author	= "François Chollet",
	title	= "Many good ideas will not work well on MNIST (e.g. batch norm). Inversely many bad ideas may work on MNIST and no transfer to real CV.",
	year	= "2017",
	month	= "April",
	note	= "Tweet",
}

@article{FashionMNIST,
  author    = {Han Xiao and
               Kashif Rasul and
               Roland Vollgraf},
  title     = {Fashion-MNIST: a Novel Image Dataset for Benchmarking Machine Learning
               Algorithms},
  journal   = {CoRR},
  volume    = {abs/1708.07747},
  archivePrefix = {arXiv},
  year      = {2017},
  eprint    = {1708.07747},
}

@article{scikitlearn,
  author    = {Lars Buitinck and
               Gilles Louppe and
               Mathieu Blondel and
               Fabian Pedregosa and
               Andreas Mueller and
               Olivier Grisel and
               Vlad Niculae and
               Peter Prettenhofer and
               Alexandre Gramfort and
               Jaques Grobler and
               Robert Layton and
               Jake VanderPlas and
               Arnaud Joly and
               Brian Holt and
               Ga{\"{e}}l Varoquaux},
  title     = {{API} design for machine learning software: experiences from the scikit-learn
               project},
  journal   = {CoRR},
  volume    = {abs/1309.0238},
  archivePrefix = {arXiv},
  year      = {2013},
  eprint    = {1309.0238},
}

@unpublished{scikitlearnbenchmark,
	author	= "Zalando Research",
	title	= "Fashion MNIST Scikit-Learn benchmark",
	note	= "http://fashion-mnist.s3-website.eu-central-1.amazonaws.com/",
}

@article{randomerasingdataaugmentationpaper,
  author    = {Zhun Zhong and
               Liang Zheng and
               Guoliang Kang and
               Shaozi Li and
               Yi Yang},
  title     = {Random Erasing Data Augmentation},
  journal   = {CoRR},
  volume    = {abs/1708.04896},
  year      = {2017},
  archivePrefix = {arXiv},
  eprint    = {1708.04896},
}

@inproceedings {yannLeCun:1998,
original =      "orig/lecun-01a.ps.gz",
author = 	"LeCun, Y. and Bottou, L. and Bengio, Y. and Haffner, P.",
title = 	"Gradient-Based Learning Applied to Document Recognition",
booktitle =     "Intelligent Signal Processing",
editors =       "Haykin, S. and Kosko, B.",
pages =         "306-351",
publisher =     "IEEE Press",
year =		2001
}

@unpublished{yannLeCun:mnist,
	author	= "Yann LeCun and Corinna Cortes and Christopher J.C. Burges",
	title	= "THE MNIST DATABASE of handwritten digits",
	note	= "http://yann.lecun.com/exdb/mnist/",
}

@article{DBLP:journals/corr/SimonyanZ14a,
  author    = {Karen Simonyan and
               Andrew Zisserman},
  title     = {Very Deep Convolutional Networks for Large-Scale Image Recognition},
  journal   = {CoRR},
  volume    = {abs/1409.1556},
  year      = {2014},
  archivePrefix = {arXiv},
  eprint    = {1409.1556},
}

@misc{tensorflow,
title={ {TensorFlow}: Large-Scale Machine Learning on Heterogeneous Systems},
url={https://www.tensorflow.org/},
note={Software available from tensorflow.org},
author={
    Mart\'{\i}n~Abadi and
    Ashish~Agarwal and
    Paul~Barham and
    Eugene~Brevdo and
    Zhifeng~Chen and
    Craig~Citro and
    Greg~S.~Corrado and
    Andy~Davis and
    Jeffrey~Dean and
    Matthieu~Devin and
    Sanjay~Ghemawat and
    Ian~Goodfellow and
    Andrew~Harp and
    Geoffrey~Irving and
    Michael~Isard and
    Yangqing Jia and
    Rafal~Jozefowicz and
    Lukasz~Kaiser and
    Manjunath~Kudlur and
    Josh~Levenberg and
    Dan~Man\'{e} and
    Rajat~Monga and
    Sherry~Moore and
    Derek~Murray and
    Chris~Olah and
    Mike~Schuster and
    Jonathon~Shlens and
    Benoit~Steiner and
    Ilya~Sutskever and
    Kunal~Talwar and
    Paul~Tucker and
    Vincent~Vanhoucke and
    Vijay~Vasudevan and
    Fernanda~Vi\'{e}gas and
    Oriol~Vinyals and
    Pete~Warden and
    Martin~Wattenberg and
    Martin~Wicke and
    Yuan~Yu and
    Xiaoqiang~Zheng},
  year={2015},
}

@unpublished{mnistsvm,
    author="Nolan Hartwick",
    title="Reproducing Results of Guassian Kernel SVM classifers on the MNIST Dataset",
    note="University of California San Diego"
}